<?xml version="1.0" encoding="utf-8"?>
<record xmlns="http://www.loc.gov/MARC21/slim" xmlns:xsi="http://www.w3.org/2001/XMLSchema-instance" xsi:schemaLocation="http://www.loc.gov/MARC21/slim http://www.loc.gov/standards/marcxml/schema/MARC21slim.xsd">
	<leader>     nam a22        4500</leader>
	<controlfield tag="001">002820630</controlfield>
	<controlfield tag="003">NNU</controlfield>
	<controlfield tag="006">m        d        </controlfield>
	<controlfield tag="007">cr cn |||m|||a</controlfield>
	<controlfield tag="008">150602s1969    iq      ob    000 0barar </controlfield>
	<datafield ind1=" " ind2=" " tag="040">
		<subfield code="a">NNU</subfield>
		<subfield code="b">eng</subfield>
		<subfield code="e">rda</subfield>
		<subfield code="c">NNU</subfield>
	</datafield>
	<datafield ind1="0" ind2="0" tag="050">
		<subfield code="a">PJ7840.A85</subfield>
		<subfield code="b">Z57</subfield>
	</datafield>
	<datafield ind1="0" ind2="0" tag="245">
		<subfield code="6">880-01</subfield>
		<subfield code="a">Muḥammad Mahdī al-Jawāhirī :</subfield>
		<subfield code="b">Dirāsāt nqdīyah. aʻaddahā farīq min al-Kitāb al-ʻIrāqīīn /</subfield>
		<subfield code="c">Asraf ʻalā Iṣdārihā Hādī al-ʻAlawī.</subfield>
	</datafield>
	<datafield ind1=" " ind2=" " tag="260">
		<subfield code="6">880-02</subfield>
		<subfield code="a">Baghdād :</subfield>
		<subfield code="b">[Maktabat al-Andalus],</subfield>
		<subfield code="c">1969.</subfield>
	</datafield>
	<datafield ind1=" " ind2=" " tag="300">
		<subfield code="a">online resource (214 pages)</subfield>
	</datafield>
	<datafield ind1=" " ind2=" " tag="336">
		<subfield code="a">text</subfield>
		<subfield code="2">rdacontent</subfield>
	</datafield>
	<datafield ind1=" " ind2=" " tag="337">
		<subfield code="a">computer</subfield>
		<subfield code="2">rdamedia</subfield>
	</datafield>
	<datafield ind1=" " ind2=" " tag="338">
		<subfield code="a">online resource</subfield>
		<subfield code="2">rdacarrier</subfield>
	</datafield>
	<datafield ind1=" " ind2=" " tag="500">
		<subfield code="a">Part of the Arabic Collections Online (ACO) project, contributed by New York Univeristy Libraries.</subfield>
	</datafield>
	<datafield ind1=" " ind2=" " tag="504">
		<subfield code="a">Includes bibliographical references.</subfield>
	</datafield>
	<datafield ind1="0" ind2=" " tag="505">
		<subfield code="6">880-03</subfield>
		<subfield code="a">Min riḥlat al-fikr wa-al-taḥawul, li-Hadī al-ʻAalawī -- al-Shāʻir wa-al-Ḥakim wa-al-Madīnah, li-Jabrā Ibrāhīm Jabrā -- min al-Jhurbah ḥattā waʻy al-ghurbah, li-Fawzī Karīm -- al-Jawāhirī wa-al-turāth, li-Hāshim al-ṭaʻān -- maʻ al-marʼah, li-Dāʼūd Sallūm. -- lughat al-Shiʻr ʻind al-Jawāhirī, li-Ibrahīm al-Sāmarrāʼī -- al-Jawahirī Suḥfan, li-Salīm Taha al-Takrītī.</subfield>
	</datafield>
	<datafield ind1=" " ind2=" " tag="533">
		<subfield code="a">Electronic reproduction.</subfield>
		<subfield code="b">New York, N.Y. :</subfield>
		<subfield code="c">New York University,</subfield>
		<subfield code="d">2015.</subfield>
		<subfield code="5">NNU</subfield>
	</datafield>
	<datafield ind1="1" ind2="0" tag="600">
		<subfield code="6">880-04</subfield>
		<subfield code="a">Jawāhirī, Muḥammad Mahdī,</subfield>
		<subfield code="d">1899?-1997.</subfield>
	</datafield>
	<datafield ind1="1" ind2="7" tag="600">
		<subfield code="a">Jawāhirī, Muḥammad Mahdī,</subfield>
		<subfield code="d">1899?-1997.</subfield>
		<subfield code="2">fast</subfield>
		<subfield code="0">(OCoLC)fst01898308</subfield>
	</datafield>
	<datafield ind1="1" ind2=" " tag="700">
		<subfield code="6">880-05</subfield>
		<subfield code="a">ʻAlawī, Hādī</subfield>
		<subfield code="e">editor.</subfield>
	</datafield>
	<datafield ind1="2" ind2=" " tag="710">
		<subfield code="a">New York University.</subfield>
		<subfield code="b">Libraries.</subfield>
	</datafield>
	<datafield ind1="0" ind2=" " tag="730">
		<subfield code="a">Arabic Collections Online.</subfield>
	</datafield>
	<datafield ind1="0" ind2="8" tag="776">
		<subfield code="i">Online version:</subfield>
		<subfield code="t">Muḥammad Mahdī al-Jawāhirī.</subfield>
		<subfield code="d">Baghdād, [Maktabat al-Andalus] 1969</subfield>
		<subfield code="w">(OCoLC)578362100</subfield>
	</datafield>
	<datafield ind1="0" ind2="8" tag="776">
		<subfield code="i">Print version:</subfield>
		<subfield code="t">Muḥammad Mahdī al-Jawāhirī</subfield>
		<subfield code="w">(NNU)002820630</subfield>
		<subfield code="w">(DLC)   75962120</subfield>
	</datafield>
	<datafield ind1="4" ind2="0" tag="856">
		<subfield code="u">http://hdl.handle.net/2333.1/r2280js2</subfield>
	</datafield>
	<datafield ind1="0" ind2="0" tag="880">
		<subfield code="6">245-01/</subfield>
		<subfield code="a">محمد مهدي الجواهري :</subfield>
		<subfield code="b">دراسات نقدية /</subfield>
		<subfield code="c">أعدها فريق من الكتاب العراقيين ؛ أشرف على إصدارها هادي العلوي.</subfield>
	</datafield>
	<datafield ind1=" " ind2=" " tag="880">
		<subfield code="6">260-02/</subfield>
		<subfield code="a">بغداد :</subfield>
		<subfield code="b">[مكتبة الأندلس]،</subfield>
		<subfield code="c">1969.</subfield>
	</datafield>
	<datafield ind1="0" ind2=" " tag="880">
		<subfield code="6">505-03/</subfield>
		<subfield code="a">من رحلة الفكر والتحول، لهدي العلوي الشاعر والحكم والمدينة، لجبرا ابراهيم جبرا من الجهربة حتا وعي الغربة، لفوزي كريم الجواهري والتراث، لهاشم الطعان مع المرأة، لداؤود سلوم. لغة الشعر عند الجواهري، لابراهيم السامرائي الجوهري سحفن، لسليم طه التكريتي.</subfield>
	</datafield>
	<datafield ind1="1" ind2="4" tag="880">
		<subfield code="6">600-04/</subfield>
		<subfield code="a">جواهري، محمد مهدي،</subfield>
		<subfield code="d">1899؟1997.</subfield>
	</datafield>
	<datafield ind1="1" ind2=" " tag="880">
		<subfield code="6">700-05/</subfield>
		<subfield code="a">علوي، هادي.</subfield>
	</datafield>
	<datafield ind1=" " ind2=" " tag="959">
		<subfield code="a">NNU</subfield>
		<subfield code="b">WEB</subfield>
		<subfield code="c">GENI</subfield>
		<subfield code="t">0</subfield>
		<subfield code="m">Electronic access</subfield>
		<subfield code="s">01</subfield>
	</datafield>
	<datafield ind1=" " ind2=" " tag="999">
		<subfield code="i">NNU_002820630</subfield>
		<subfield code="s">nyu_aco000520</subfield>
	</datafield>
</record>
